% Encoding: UTF-8

@Article{Wu2008,
  author    = {Wu, Xindong and Kumar, Vipin and Quinlan, J. Ross and Ghosh, Joydeep and Yang, Qiang and Motoda, Hiroshi and McLachlan, Geoffrey J. and Ng, Angus and Liu, Bing and Philip, S. Yu and others},
  title     = {Top 10 algorithms in data mining},
  journal   = {Knowledge and information systems},
  year      = {2008},
  volume    = {14},
  number    = {1},
  pages     = {1--37},
  publisher = {Springer},
}

@Comment{jabref-meta: databaseType:bibtex;}
